<record><leader>00000cas a2200000 a 4500</leader><controlfield tag="001">32900900</controlfield><controlfield tag="008">950731c19949999azuwr ne      0    0eng c</controlfield><datafield ind1=" " ind2=" " tag="010"><subfield code="a">sn 95060551 </subfield></datafield><datafield ind1=" " ind2=" " tag="040"><subfield code="a">ANN</subfield><subfield code="b">eng</subfield><subfield code="c">ANN</subfield><subfield code="d">CVF</subfield><subfield code="d">ZP2</subfield><subfield code="d">OCLCQ</subfield><subfield code="d">OCLCF</subfield></datafield><datafield ind1="1" ind2=" " tag="029"><subfield code="a">AU@</subfield><subfield code="b">000011903733</subfield></datafield><datafield ind1=" " ind2=" " tag="042"><subfield code="a">pcc</subfield></datafield><datafield ind1=" " ind2=" " tag="043"><subfield code="a">n-us-az</subfield></datafield><datafield ind1="0" ind2=" " tag="130"><subfield code="a">San Carlos Apache moccasin (Globe, Ariz. : 1994)</subfield></datafield><datafield ind1="1" ind2="0" tag="245"><subfield code="a">San Carlos Apache moccasin.</subfield></datafield><datafield ind1="1" ind2="7" tag="246"><subfield code="a">Moccasin</subfield></datafield><datafield ind1=" " ind2=" " tag="260"><subfield code="a">Globe, Ariz. :</subfield><subfield code="b">American Globe Pub. Co.,</subfield><subfield code="c">1994-</subfield></datafield><datafield ind1=" " ind2=" " tag="300"><subfield code="a">v. :</subfield><subfield code="b">ill.</subfield></datafield><datafield ind1=" " ind2=" " tag="310"><subfield code="a">Weekly</subfield></datafield><datafield ind1="0" ind2=" " tag="362"><subfield code="a">Vol. 9, no. 25 (Mar. 1, 1994)-</subfield></datafield><datafield ind1=" " ind2="0" tag="650"><subfield code="a">Indians of North America</subfield><subfield code="z">Arizona</subfield><subfield code="v">Newspapers.</subfield></datafield><datafield ind1=" " ind2="0" tag="650"><subfield code="a">Apache Indians</subfield><subfield code="v">Newspapers.</subfield></datafield><datafield ind1=" " ind2="0" tag="651"><subfield code="a">Globe (Ariz.)</subfield><subfield code="v">Newspapers.</subfield></datafield><datafield ind1=" " ind2="0" tag="651"><subfield code="a">San Carlos Indian Reservation (Ariz.)</subfield><subfield code="v">Newspapers.</subfield></datafield><datafield ind1=" " ind2="7" tag="655"><subfield code="a">Newspapers.</subfield><subfield code="2">fast</subfield><subfield code="0">(OCoLC)fst01423814</subfield></datafield><datafield ind1=" " ind2="7" tag="650"><subfield code="a">Apache Indians.</subfield><subfield code="2">fast</subfield><subfield code="0">(OCoLC)fst00811055</subfield></datafield><datafield ind1=" " ind2="7" tag="650"><subfield code="a">Indians of North America.</subfield><subfield code="2">fast</subfield><subfield code="0">(OCoLC)fst00969633</subfield></datafield><datafield ind1=" " ind2="7" tag="651"><subfield code="a">Arizona.</subfield><subfield code="2">fast</subfield><subfield code="0">(OCoLC)fst01204820</subfield></datafield><datafield ind1=" " ind2="7" tag="651"><subfield code="a">Arizona</subfield><subfield code="z">Globe.</subfield><subfield code="2">fast</subfield><subfield code="0">(OCoLC)fst01216942</subfield></datafield><datafield ind1=" " ind2="7" tag="651"><subfield code="a">Arizona</subfield><subfield code="z">San Carlos Indian Reservation.</subfield><subfield code="2">fast</subfield><subfield code="0">(OCoLC)fst01256458</subfield></datafield><datafield ind1="1" ind2=" " tag="710"><subfield code="a">San Carlos Apache Tribe of the San Carlos Reservation, Arizona.</subfield></datafield><datafield ind1=" " ind2=" " tag="752"><subfield code="a">United States</subfield><subfield code="b">Arizona</subfield><subfield code="c">Gila</subfield><subfield code="d">Globe.</subfield></datafield><datafield ind1="0" ind2="0" tag="780"><subfield code="t">San Carlos moccasin (keban)</subfield><subfield code="w">(DLC)sn 95060550</subfield></datafield></record>